<record><leader>02336cam a2200469Ii 45 0</leader><controlfield tag="001">6861336</controlfield><controlfield tag="003">OCoLC</controlfield><controlfield tag="005">20150519180542.0</controlfield><controlfield tag="008">140828t20152016maua     b    001 0 eng d</controlfield><datafield ind1=" " ind2=" " tag="010"><subfield code="a">  2014959039</subfield></datafield><datafield ind1=" " ind2=" " tag="020"><subfield code="a">9781285177267</subfield></datafield><datafield ind1=" " ind2=" " tag="020"><subfield code="a">1285177266</subfield></datafield><datafield ind1=" " ind2=" " tag="035"><subfield code="a">ocn889643468</subfield></datafield><datafield ind1=" " ind2=" " tag="040"><subfield code="a">YDXCP</subfield><subfield code="b">eng</subfield><subfield code="e">rda</subfield><subfield code="c">YDXCP</subfield><subfield code="d">BTCTA</subfield><subfield code="d">OCLCQ</subfield><subfield code="d">ZNC</subfield><subfield code="d">AGPC</subfield></datafield><datafield ind1=" " ind2=" " tag="043"><subfield code="a">n-us---</subfield></datafield><datafield ind1=" " ind2="4" tag="050"><subfield code="a">RA976</subfield><subfield code="b">.G82 2015</subfield></datafield><datafield ind1=" " ind2=" " tag="090"><subfield code="a">RA 976 G82 2015</subfield><subfield code="b">AGPC</subfield></datafield><datafield ind1=" " ind2=" " tag="090"><subfield code="a">RA 976 G82 2015</subfield><subfield code="b">AEU</subfield></datafield><datafield ind1="1" ind2=" " tag="100"><subfield code="a">Green, Michelle A.,</subfield><subfield code="e">author.</subfield></datafield><datafield ind1="1" ind2="0" tag="245"><subfield code="a">Essentials of health information management :</subfield><subfield code="b">principles and practices /</subfield><subfield code="c">Mary Jo Bowie, Michelle A. Green.</subfield></datafield><datafield ind1=" " ind2=" " tag="250"><subfield code="a">Third edition.</subfield></datafield><datafield ind1=" " ind2="1" tag="264"><subfield code="a">Boston, [Massachusetts] :</subfield><subfield code="b">Cengage Learning,</subfield><subfield code="c">[2015].</subfield></datafield><datafield ind1=" " ind2="4" tag="264"><subfield code="c">&#169;2016</subfield></datafield><datafield ind1=" " ind2=" " tag="300"><subfield code="a">xvi, 384 pages :</subfield><subfield code="b">illustrations (some color) ;</subfield><subfield code="c">28 cm.</subfield></datafield><datafield ind1=" " ind2=" " tag="336"><subfield code="a">text</subfield><subfield code="b">txt</subfield><subfield code="2">rdacontent</subfield></datafield><datafield ind1=" " ind2=" " tag="337"><subfield code="a">unmediated</subfield><subfield code="b">n</subfield><subfield code="2">rdamedia</subfield></datafield><datafield ind1=" " ind2=" " tag="338"><subfield code="a">volume</subfield><subfield code="b">nc</subfield><subfield code="2">rdacarrier</subfield></datafield><datafield ind1=" " ind2=" " tag="500"><subfield code="a">Michelle A. Green's name appears first on earlier editions.</subfield></datafield><datafield ind1=" " ind2=" " tag="504"><subfield code="a">Includes bibliographical references (pages 373-374) and index.</subfield></datafield><datafield ind1="0" ind2=" " tag="505"><subfield code="a">Health care delivery systems -- Health information management professionals -- Health care settings -- Introduction to the patient record -- Electronic health records -- Patient record documentation guidelines : inpatient, outpatient, and physician office -- Numbering &amp; filing systems and record storage &amp; circulation -- Indexes, registers, and health data collection -- Legal aspects of health information management -- Introduction to coding and reimbursement -- Glossary -- Bibliography -- Index.</subfield></datafield><datafield ind1=" " ind2=" " tag="588"><subfield code="a">Book recieved for cataloging May 2015.</subfield></datafield><datafield ind1=" " ind2=" " tag="596"><subfield code="a">28 42</subfield></datafield><datafield ind1=" " ind2="0" tag="650"><subfield code="a">Medical records</subfield><subfield code="x">Management.</subfield></datafield><datafield ind1=" " ind2="0" tag="650"><subfield code="a">Medical records</subfield><subfield code="x">Management</subfield><subfield code="x">Vocational guidance</subfield><subfield code="z">United States.</subfield></datafield><datafield ind1=" " ind2="0" tag="650"><subfield code="a">Medical record personnel</subfield><subfield code="z">United States.</subfield></datafield><datafield ind1="1" ind2="2" tag="650"><subfield code="a">Information Management</subfield><subfield code="x">organization &amp; administration.</subfield></datafield><datafield ind1="2" ind2="2" tag="650"><subfield code="a">Allied Health Personnel.</subfield></datafield><datafield ind1="2" ind2="2" tag="650"><subfield code="a">Forms and Records Control.</subfield></datafield><datafield ind1="2" ind2="2" tag="650"><subfield code="a">Medical Records.</subfield></datafield><datafield ind1="1" ind2=" " tag="700"><subfield code="a">Bowie, Mary Jo,</subfield><subfield code="e">author.</subfield></datafield><datafield ind1=" " ind2=" " tag="926"><subfield code="a">RA 976 G82 2015</subfield><subfield code="w">LC</subfield><subfield code="c">1</subfield><subfield code="i">31847001274106</subfield><subfield code="l">ON_SHELF</subfield><subfield code="m">GPRC_GP</subfield><subfield code="p">$150.00</subfield><subfield code="r">Y</subfield><subfield code="s">Y</subfield><subfield code="t">BOOK</subfield><subfield code="u">3/10/2015</subfield></datafield><datafield ind1=" " ind2=" " tag="926"><subfield code="a">RA 976 G82 2015</subfield><subfield code="w">LC</subfield><subfield code="c">1</subfield><subfield code="i">0162034829596</subfield><subfield code="d">11/16/2016</subfield><subfield code="l">ON_SHELF</subfield><subfield code="m">UAHLTHSC</subfield><subfield code="p">$150.00</subfield><subfield code="r">Y</subfield><subfield code="s">Y</subfield><subfield code="t">BOOK</subfield><subfield code="u">8/20/2015</subfield><subfield code="z">COUTTS_ADD</subfield></datafield></record>